<?xml version="1.0" encoding="UTF-8"?><collection xmlns="http://www.loc.gov/MARC21/slim"><record><leader>00615nam--2200193-i-4500</leader><controlfield tag="001">000024506</controlfield><controlfield tag="002">20161230</controlfield><controlfield tag="005">20161230201035</controlfield><controlfield tag="008">060222s1000------------r-----000-0-rum-d</controlfield><datafield ind1=" " ind2=" " tag="040"><subfield code="a">IFIN-HH</subfield></datafield><datafield ind1=" " ind2=" " tag="041"><subfield code="a">rum</subfield></datafield><datafield ind1=" " ind2=" " tag="080"><subfield code="a">53(076.1)</subfield></datafield><datafield ind1="1" ind2=" " tag="100"><subfield code="a">Hristev, Anatolie</subfield></datafield><datafield ind1="1" ind2="0" tag="245"><subfield code="a">Probleme de fizica date la examene. i.concursuri de admitere in facultati (1971-1983). ii.concursuri nationale de fizica (1971-1983)</subfield><subfield code="c">Anatolie hristev</subfield></datafield><datafield ind1=" " ind2=" " tag="260"><subfield code="a">Bucuresti</subfield><subfield code="b">Editura Tehnica</subfield><subfield code="c">1984</subfield></datafield><datafield ind1=" " ind2=" " tag="300"><subfield code="a">536P</subfield></datafield><datafield ind1=" " ind2=" " tag="490"><subfield code="a">Culegeri De Probleme De Matematica Si Fizica</subfield></datafield><datafield ind1=" " ind2=" " tag="852"><subfield code="a">72154</subfield><subfield code="c">53</subfield></datafield><datafield ind1=" " ind2=" " tag="CAT"><subfield code="a">Sys</subfield><subfield code="c">20150807</subfield><subfield code="h">092804</subfield></datafield></record></collection>